@MANUAL{standardc99,
  title = {The {ANSI C} standard ({C99})},
  organization = {International Organization for Standardization ({ISO})},
  key = {C99},
  note = {\url{http://www.open-std.org/JTC1/SC22/WG14/www/docs/n1124.pdf}}
}

@Misc{Boolector,
  title =	 {{Boolector}},
  author = {Biere, Armin},
  note =	 {\url{http://fmv.jku.at/boolector/}}
}

@Misc{cil,
title={{The C Intermediate Language (CIL) library}},
author={{Berkeley University}},
howpublished={\url{http://manju.cs.berkeley.edu/cil/}}
}

@MANUAL{userman,
  title = {Frama-C User Manual},
  author={
    Correnson, Loïc and
    Cuoq, Pascal and
    Kirchner, Florent and
    Maroneze, André and
    Prevosto, Virgile and
    Puccetti, Armand and
    Signoles, Julien and
    Yakobowski, Boris
  },
  organization = {CEA List, Software Reliability Laboratory},
  note = {\url{https://www.frama-c.com/download/frama-c-user-manual.pdf}}
}

@MANUAL{framacvalueanalysis,
  title = {The Eva plug-in},
  author={
    David Bühler, Pascal Cuoq and Boris Yakobowski.
    With Matthieu Lemerre, André Maroneze,
    Valentin Perrelle and Virgile Prevosto
  },
  organization = {CEA List, Software Reliability Laboratory},
  note = {\url{https://www.frama-c.com/download/frama-c-eva-manual.pdf}}
}

@MANUAL{framacwp,
  title = {WP plug-in Manual},
  author={Lo\"ic Correnson and Zaynah Dargaye and Anne Pacalet},
  organization = {CEA List, Software Reliability Laboratory}
}

@MANUAL{framacdev,
  title = {Plug-in Development Guide},
  author={{Julien Signoles with Lo\"ic Correnson, Matthieu Lemerre and
Virgile Prevosto}},
  organization = {CEA List, Software Reliability Laboratory}
}
